@misc{mqtt3.1.1,
	author			=	"{mqtt-v3.1.1}",
	editor			=	{Andrew Banks and Rahul Gupta},
	title				=	"{MQTT Version 3.1.1}",
	howpublished 	= 	"\url{http://docs.oasis-open.org/mqtt/mqtt/v3.1.1/os/mqtt-v3.1.1-os.html}",
	urldate			=	{2021-03-11},
	year 			=	{2014},
	month 			=	{Oct},
	day				=	{29},
	organization	=	{OASIS Standard},
	note			=	{[Online; accessed 11-March-2021]}
	},
@misc{mqtt5.0,
	author			=	"{mqtt-v5.0}",
	editor			=	{Andrew Banks, Ed Briggs, Ken Borgendale, and Rahul Gupta},
	title				=	"{MQTT Version 5.0}",
	howpublished 	= 	"\url{https://docs.oasis-open.org/mqtt/mqtt/v5.0/os/mqtt-v5.0-os.html}",
	urldate			=	{2021-03-11},
	year 			=	{2019},
	month 			=	{Mar},
	day				=	{07},
	organization	=	{OASIS Standard},
	note			=	{[Online; accessed 11-March-2021]}
	},
@misc{mqtt-org,
	author			=	{MQTT},
	title			=	"{MQTT: The Standard for IoT Messaging}",
	year 			=	{2020},
	howpublished 	= 	"\url{https://mqtt.org}",
	note			=	{[Online; accessed 11-March-2021]}
	},
@misc{tls1.2errors,
	author			=	{Dierks, T. and Rescorla, E. },
	title			=	"{RFC 5246 The Transport Layer Security (TLS) Protocol Version 1.2 - Section 7.2.2: Error Alerts}",
	year 			=	{2008},
	howpublished 	= 	"\url{https://tools.ietf.org/html/rfc5246#section-7.2.2}",
	organization	=	{Network Working Group},
	note			=	{[Online; accessed 12-March-2021]}
	},
@misc{mosquitto-conf,
	author			=	{R. Light},
	title			=	"{mosquitto.conf}",
	howpublished 	= 	"\url{https://mosquitto.org/man/mosquitto-conf-5.html}",
	note			=	{[Online; accessed 23-March-2021]}
	},
@misc{hivemq-conf,
	author			=	"{HiveMQ-v4.5}",
	year			=	"{2021}",
	title			=	"{HiveMQ User Guide / General Configuration Information}",
	howpublished 	= 	"\url{https://www.hivemq.com/docs/hivemq/4.5/user-guide/configuration.html}",
	note			=	{[Online; accessed 23-March-2021]}
	},
@misc{hivemq-bw,
	author			=	"{HiveMQ-v4.5}",
	year			=	"{2021}",
	title			=	"{HiveMQ User Guide / Restrictions / Throttling bandwidth}",
	howpublished 	= 	"\url{https://www.hivemq.com/docs/hivemq/4.5/user-guide/restrictions.html#throttle-bandwidth}",
	note			=	{[Online; accessed 23-March-2021]}
	},
@misc{mqtt-sys,
	author			=	"{MQTT Community}",
	year			=	"{2021}",
	title			=	"{MQTT Wiki/ SYS Topics}",
	howpublished 	= 	"\url{https://github.com/mqtt/mqtt.org/wiki/SYS-Topics}",
	note			=	{[Online; accessed 24-March-2021]}
	},	
@misc{towards-slc,
	author			=	{Topalovic, E. and Saeta, B. and Huang, L. and Jackson, C. and Boneh, D.},
	year			=	{2012},
	title			=	"{Towards Short-Lived Certificates}",
	organization	=	{IEEE Computer Society's Technical Committee on Security and Privacy},
	howpublished 	= 	"\url{https://www.ieee-security.org/TC/W2SP/2012/papers/w2sp12-final9.pdf}",
	note			=	{[Online; accessed 25-March-2021]}
	},
@article{diginotar,
	author			=	{van der Meulen, N.},
	year			=	"{2013}",
	title			=	"{DigiNotar: Dissecting the First Dutch Digital Disaster}",
	journal			=	{Journal of Strategic Security},
	volume			=	"6",
	pages			=	"46-58",
	DOI				=	"http://dx.doi.org/10.5038/1944-0472.6.2.4",
	howpublished 	= 	"\url{https://www.ieee-security.org/TC/W2SP/2012/papers/w2sp12-final9.pdf}",
	note			=	{[Online; accessed 25-March-2021]}
	},
@misc{cn-resolution,
	author			=	{Saint-Andre, P. and Cisco and Hodges, J. and PayPal},
	title			=	"{RFC 6125 Representation and Verification of Domain-Based Application Service Identity within Internet Public Key Infrastructure Using X.509 (PKIX) Certificates in the Context of Transport Layer Security (TLS)}",
	year 			=	{2011},
	howpublished 	= 	"\url{https://tools.ietf.org/html/rfc6125#page-28}",
	organization	=	{Intenert Engineering Task Force},
	note			=	{[Online; accessed 31-March-2021]}
	},